@article{abc,
    author="D.Tolomelli",
    year="2004",
    title="Investigation of performance of DDN IME",
    journal="DOI"
}

@misc{raid4,
    author="D.Tolomelli",
    year="2004",
    URL="https://en.wikipedia.org/wiki/Standard_raid_levels"
}

@misc{simpy,
    title={Discrete event simulation for Python},
    author={Team Simpy},
    howpublished="\url{https://simpy.readthedocs.io/en/latest/}"
}
